@misc{topcoder,
  author = "P. Daniel",
  title = {Range Minimum Query and Lowest Common Ancestor},
  howpublished = "http://www.topcoder.com/tc?module=Static\&d1=tutorials\&d2=lowestCommonAncestor"
}
