@misc{topcoder,
  author = "P. Daniel",
  title = {Range Minimum Query and Lowest Common Ancestor},
  howpublished = "http://www.topcoder.com/tc?module=Static\&d1=tutorials\&d2=lowestCommonAncestor"
}

@article{kasai,
  title  = {Linear-Time Longest-Common-Prefix Computation in Suffix Arrays and Its Applications},
  author = "Toru Kasai and Gunho Lee and Hiroki Arimura and Setsuo Arikawa and Kunsoo Park",
  journal = "LNCS 2089, Springer-Verlag",
  pages   = "181--192",
  year    = "2001",
  url     = "http://www.cs.iastate.edu/~cs548/references/linear_lcp.pdf",
}

@article{sadakane,
  title  = {Faster suffix sorting},
  author = "N. Jesper Larsson and Kunihiko Sadakane",
  journal = "Theoretical Computer Science. Elsevier Science Publishers Ltd. Essex, UK",
  pages   = "258--272",
  year    = "2007",
  url     = "http://www.cs.lth.se/Research/Algorithms/Papers/jesper5.ps",
}
