@misc{topcoder,
  author = "P. Daniel",
  title = {Range Minimum Query and Lowest Common Ancestor},
  howpublished = "http://www.topcoder.com/tc?module=Static\&d1=tutorials\&d2=lowestCommonAncestor"
}

@article{kasai,
  author = "Toru Kasai and Gunho Lee and Hiroki Arimura and Setsuo Arikawa and Kunsoo Park",
  title = {Linear-Time Longest-Common-Prefix Computation in Suffix Arrays and Its Applications},
  journal = "LNCS 2089, Springer-Verlag",
  pages   = "181--192",
  year    = "2001",
  url     = "http://www.cs.iastate.edu/~cs548/references/linear_lcp.pdf",
}
